00489cas a22001933a 4500
001 999320403502836
003 Nz
005 20200616162109.0
008 040113d192u192unz  r ne      000 a0eng d
035    $a (NLNZils)932040
035    $a (Nz)8182186
035    $a (NLNZils)932040-ilsdb
040    $a WN $c WN
042    $a nznb
043    $a u-nz---
245 00 $a Sun sports review.
260    $a [Christchurch, N.Z.]
651  0 $a Christchurch (N.Z.) $v Newspapers.
655  7 $a New Zealand newspapers. $2 local $5 Nz
